@article{SOCKET_GFG,
	note = {[Online; accessed 2023-01-25]},
	journal = {GeeksforGeeks},
	year = {2023},
	month = {apr 17},
	title = {File Transfer using TCP Socket in Python},
	howpublished = {https://www.geeksforgeeks.org/file-transfer-using-tcp-socket-in-python/},
}

@article{PythonHTTPServer,
	author = {Python Basics},
	year = {2021},
	month = {aug 31},
	title = {Create a Python Web Server},
	url = {https://pythonbasics.org/webserver/},
}

@article{PythonMultithreading,
	note = {[Online; accessed 2023-01-25]},
	journal = {GeeksforGeeks},
	year = {2022},
	month = {aug 3},
	title = {Multithreading in Python},
	howpublished = {https://www.geeksforgeeks.org/multithreading-python-set-1/},
}